@inbook{Cleve_2001,
   title={An Introduction to Quantum Complexity Theory},
   url={http://dx.doi.org/10.1142/9789810248185_0004},
   howpublished={\url{https://arxiv.org/abs/quant-ph/9906111v}},
   DOI={10.1142/9789810248185_0004},
   booktitle={Quantum Computation and Quantum Information Theory},
   publisher={WORLD SCIENTIFIC},
   author={Cleve, Richard},
   year={2001},
   month=jan, pages={103â€“127} 
}

@book{quantum_curious,
    title={Quantum Computing for the Quantum Curious},
    url={https://link.springer.com/book/10.1007/978-3-030-61601-4},
    publisher={Springer Charm},
    author="Hughes, Ciaran and Isaacson, Joshua and Perry, Anastasia and Sun, Ranbel F. and Turner, Jessica",
    year={2021},
    month=mar
}

@book{quantum_applied,
    title={Quantum Computing: An Applied Approach},
    url={https://link.springer.com/book/10.1007/978-3-030-23922-0},
    author={Hidary, Jack D.},
    year={2019},
    month=aug,
    publisher={Springer Charm},
    edition="Second"
}